<?xml version="1.0" encoding="UTF-8"?><record xmlns="http://www.loc.gov/MARC21/slim" xmlns:cinclude="http://apache.org/cocoon/include/1.0" xmlns:zs="http://www.loc.gov/zing/srw/">
  <leader>00475nz  a2200133n  4500</leader>
  <controlfield tag="001">n  91038107 </controlfield>
  <controlfield tag="003">DLC</controlfield>
  <controlfield tag="005">19910418152808.9</controlfield>
  <controlfield tag="008">910418n| acannaab|          |n aaa |||  </controlfield>
  <datafield tag="010" ind1=" " ind2=" ">
    <subfield code="a">n  91038107 </subfield>
  </datafield>
  <datafield tag="040" ind1=" " ind2=" ">
    <subfield code="a">DLC</subfield>
    <subfield code="c">DLC</subfield>
  </datafield>
  <datafield tag="100" ind1="1" ind2="0">
    <subfield code="a">Erbiceanu, Constanța</subfield>
  </datafield>
  <datafield tag="670" ind1=" " ind2=" ">
    <subfield code="a">Her Scrisori, 1989- :</subfield>
    <subfield code="b">v. 1, t.p. (Constanța Erbiceanu) p. 5 (pianistă, profesoară) p. 6 (d. 1961) p. 9 (b. 11-11-1874, in Iași, Romania)</subfield>
  </datafield>
  <datafield tag="670" ind1=" " ind2=" ">
    <subfield code="a">LC data base, 04-18-91</subfield>
    <subfield code="b">(hdg.: Erbiceanu, Constanța)</subfield>
  </datafield>
</record>